<?xml version="1.0" encoding="UTF-8"?><record xmlns="http://www.loc.gov/MARC21/slim" xmlns:cinclude="http://apache.org/cocoon/include/1.0" xmlns:zs="http://www.loc.gov/zing/srw/">
  <leader>00449nz  a2200133n  4500</leader>
  <controlfield tag="001">n  85366533 </controlfield>
  <controlfield tag="003">DLC</controlfield>
  <controlfield tag="005">19860517063755.9</controlfield>
  <controlfield tag="008">860331n| acannaab|          |a aaa |||  </controlfield>
  <datafield tag="010" ind1=" " ind2=" ">
    <subfield code="a">n  85366533 </subfield>
  </datafield>
  <datafield tag="040" ind1=" " ind2=" ">
    <subfield code="a">DLC</subfield>
    <subfield code="c">DLC</subfield>
  </datafield>
  <datafield tag="100" ind1="1" ind2="0">
    <subfield code="a">Mavrenkov, P. F.</subfield>
    <subfield code="q">(Pavel Fedorovich)</subfield>
  </datafield>
  <datafield tag="400" ind1="1" ind2="0">
    <subfield code="a">Mavrenkov, Pavel Fedorovich</subfield>
  </datafield>
  <datafield tag="670" ind1=" " ind2=" ">
    <subfield code="a">His Pervenet︠s︡ pret︠s︡izionnogo stankostroenii︠a︡, 1985:</subfield>
    <subfield code="b">t.p. (P.F. Mavrenkov) verso t.p. (Pavel Fedorovich Mavrenkov)</subfield>
  </datafield>
</record>